<record><leader>00000cas a2200000Ma 4500</leader><controlfield tag="001">11082155</controlfield><controlfield tag="008">840823d186u1869inuwr ne      0    0eng d</controlfield><datafield ind1=" " ind2=" " tag="010"><subfield code="a">sn 84023928 </subfield></datafield><datafield ind1=" " ind2=" " tag="040"><subfield code="a">AQM</subfield><subfield code="b">eng</subfield><subfield code="c">AQM</subfield><subfield code="d">OCLCQ</subfield></datafield><datafield ind1="0" ind2="4" tag="245"><subfield code="a">The Johnson County press.</subfield></datafield><datafield ind1=" " ind2=" " tag="260"><subfield code="a">Franklin, Ind. :</subfield><subfield code="b">J.F. Farley</subfield></datafield><datafield ind1=" " ind2=" " tag="300"><subfield code="a">v. :</subfield><subfield code="b">ill. (chiefly advertisements)</subfield></datafield><datafield ind1=" " ind2=" " tag="310"><subfield code="a">Weekly</subfield></datafield><datafield ind1="1" ind2=" " tag="362"><subfield code="a">Ceased in 1869.</subfield></datafield><datafield ind1=" " ind2=" " tag="580"><subfield code="a">Continues: Weekly Democratic herald (Franklin, Ind.). Continued by: Democratic herald (Franklin, Ind.). Cf. Miller, John W. Indiana newspaper bibliog.</subfield></datafield><datafield ind1=" " ind2=" " tag="588"><subfield code="a">Description based on: Vol. 6, no. 11 (Oct. 7, 1865).</subfield></datafield><datafield ind1=" " ind2="7" tag="655"><subfield code="a">Newspapers.</subfield><subfield code="2">rbgenr</subfield></datafield><datafield ind1=" " ind2=" " tag="752"><subfield code="a">United States</subfield><subfield code="b">Indiana</subfield><subfield code="c">Johnson</subfield><subfield code="d">Franklin.</subfield></datafield><datafield ind1="1" ind2="0" tag="780"><subfield code="t">Weekly Democratic herald (Franklin, Ind.)</subfield><subfield code="w">(DLC)sn 84027382</subfield></datafield><datafield ind1="1" ind2="0" tag="785"><subfield code="t">Democratic herald (Franklin, Ind.)</subfield><subfield code="w">(DLC)sn 85047715</subfield></datafield><datafield ind1="1" ind2=" " tag="029"><subfield code="a">AU@</subfield><subfield code="b">000025829315</subfield></datafield></record>